% Encoding: UTF-8
@inproceedings{duboka2009second,
  title={Second hand vehicle maintenance frauds},
  author={Duboka, {\v{C}}edomir and Filipovi{\'c}, {\v{Z}}arko and Gordi{\'c}, Mirko and Do{\v{s}}li{\'c}, Milan},
  booktitle={Paper NMV0912 presented at the XXII JUMV International Automotive Conference},
  pages={0912--1},
  year={2009}
}

@book{haber1991time,
  title={How to time-stamp a digital document},
  author={Haber, Stuart and Stornetta, W Scott},
  year={1991},
  publisher={Springer}
}

@misc{nakamoto2008bitcoin,
  author       = {Satoshi Nakamoto},
  title        = {Bitcoin: A Peer-to-Peer Electronic Cash System},
  year         = {2008},
  url = {https://bitcoin.org/bitcoin.pdf},
}

@article{guegan2017public,
  title={Public blockchain versus private blockhain},
  author={Guegan, Dominique},
  year={2017}
}

@article{ge2022hybrid,
  title={Hybrid blockchain database systems: design and performance},
  author={Ge, Zerui and Loghin, Dumitrel and Ooi, Beng Chin and Ruan, Pingcheng and Wang, Tianwen},
  journal={Proceedings of the VLDB Endowment},
  volume={15},
  number={5},
  pages={1092--1104},
  year={2022},
  publisher={VLDB Endowment}
}

@article{negi2024private,
  title={Private Blockchain, Hybrid Blockchain, Public Blockchain Technologies in Digital Library Service},
  author={Negi, Dheeraj Singh and Sharma, Poonam and Sharma, Avnika},
  journal={ACADEMIC LIBRARIES},
  pages={424},
  year={2024}
}
%for the hybrid blockchain explanation
@article{marar2020hybrid,
  title={Hybrid blockchain},
  author={Marar, Hazem W and Marar, Rosana W},
  journal={Jordanian Journal of Computers and Information Technology (JJCIT)},
  volume={6},
  number={04},
  year={2020}
}

@ARTICLE{9786734,
  author={Sunny, Farhana Akter and Hajek, Petr and Munk, Michal and Abedin, Mohammad Zoynul and Satu, Md. Shahriare and Efat, Md. Iftekharul Alam and Islam, Md. Jahidul},
  journal={IEEE Access}, 
  title={A Systematic Review of Blockchain Applications}, 
  year={2022},
  volume={10},
  number={},
  pages={59155-59177},
  keywords={Blockchains;Databases;Systematics;Security;Privacy;Medical services;Government;Blockchain;applications;business and industry;internet of things;privacy and security},
  doi={10.1109/ACCESS.2022.3179690}
}
%Blockchain in healthcare
@inproceedings{agbo2019blockchain,
  title={Blockchain technology in healthcare: a systematic review},
  author={Agbo, Cornelius C and Mahmoud, Qusay H and Eklund, J Mikael},
  booktitle={Healthcare},
  volume={7},
  number={2},
  pages={56},
  year={2019},
  organization={MDPI}
}
%Blockchain in finanacial management
@article{pal2021blockchain,
  title={Blockchain for business management: Applications, challenges and potentials},
  author={Pal, Abhinav and Tiwari, Chandan Kumar and Haldar, Nivedita},
  journal={The Journal of High Technology Management Research},
  volume={32},
  number={2},
  pages={100414},
  year={2021},
  publisher={Elsevier}
}
%Blockchain in education
@article{alammary2019blockchain,
  title={Blockchain-based applications in education: A systematic review},
  author={Alammary, Ali and Alhazmi, Samah and Almasri, Marwah and Gillani, Saira},
  journal={Applied Sciences},
  volume={9},
  number={12},
  pages={2400},
  year={2019},
  publisher={MDPI}
}
%Blockchain in security
@article{taylor2020systematic,
  title={A systematic literature review of blockchain cyber security},
  author={Taylor, Paul J and Dargahi, Tooska and Dehghantanha, Ali and Parizi, Reza M and Choo, Kim-Kwang Raymond},
  journal={Digital Communications and Networks},
  volume={6},
  number={2},
  pages={147--156},
  year={2020},
  publisher={Elsevier}
}
%Blockchain on IoT
@article{wang2019survey,
  title={Survey on blockchain for Internet of Things},
  author={Wang, Xu and Zha, Xuan and Ni, Wei and Liu, Ren Ping and Guo, Y Jay and Niu, Xinxin and Zheng, Kangfeng},
  journal={Computer Communications},
  volume={136},
  pages={10--29},
  year={2019},
  publisher={Elsevier}
}
%Blockchain on transportation
@article{humayun2020emerging,
  title={Emerging smart logistics and transportation using IoT and blockchain},
  author={Humayun, Mamoona and Jhanjhi, NZ and Hamid, Bushra and Ahmed, Ghufran},
  journal={IEEE Internet of Things Magazine},
  volume={3},
  number={2},
  pages={58--62},
  year={2020},
  publisher={IEEE}
}
%Blockchain components
@inproceedings{patel2020review,
  title={A review on blockchain technology: Components, issues and challenges},
  author={Patel, Vishwani and Khatiwala, Fenil and Shah, Kaushal and Choksi, Yashi},
  booktitle={ICDSMLA 2019: Proceedings of the 1st International Conference on Data Science, Machine Learning and Applications},
  pages={1257--1262},
  year={2020},
  organization={Springer}
}